<?xml version="1.0" encoding="UTF-8"?><collection xmlns="http://www.loc.gov/MARC21/slim"><record><leader>00579nam--2200181-i-4500</leader><controlfield tag="001">000028202</controlfield><controlfield tag="002">20161230</controlfield><controlfield tag="005">20161230201037</controlfield><controlfield tag="008">060222s1000------------r-----000-0-eng-d</controlfield><datafield ind1=" " ind2=" " tag="040"><subfield code="a">IFIN-HH</subfield></datafield><datafield ind1=" " ind2=" " tag="080"><subfield code="a">413.232:3:4</subfield></datafield><datafield ind1="1" ind2=" " tag="100"><subfield code="a">Rotteck, K</subfield></datafield><datafield ind1="1" ind2="0" tag="245"><subfield code="a">Deutsch-franzosisches und franzosisch-deutsches worterbuch fur literatur, wissenschaft und leben. ganz neu umgearbeitete ausgabe von joseph denis</subfield><subfield code="c">K. rotteck, g. kister</subfield></datafield><datafield ind1=" " ind2=" " tag="260"><subfield code="a">Paris</subfield><subfield code="b">Editions Garnier Freres</subfield><subfield code="c">/F.An</subfield></datafield><datafield ind1=" " ind2=" " tag="300"><subfield code="a">710P</subfield></datafield><datafield ind1="1" ind2=" " tag="700"><subfield code="a">Kister, G</subfield></datafield><datafield ind1=" " ind2=" " tag="852"><subfield code="a">D.103</subfield><subfield code="c">SLF</subfield></datafield><datafield ind1=" " ind2=" " tag="CAT"><subfield code="a">Sys</subfield><subfield code="c">20130212</subfield><subfield code="h">160138</subfield></datafield></record></collection>